<?xml version="1.0" encoding="UTF-8" ?>
<marc:collection xmlns:marc="http://www.loc.gov/MARC21/slim" xmlns:xsi="http://www.w3.org/2001/XMLSchema-instance" xsi:schemaLocation="http://www.loc.gov/MARC21/slim http://www.loc.gov/standards/marcxml/schema/MARC21slim.xsd">
<marc:record>
	<marc:leader>01000cam# 22002601a 4500</marc:leader>
	<marc:controlfield tag="001">SEX00000501</marc:controlfield>
	<marc:controlfield tag="003">SEX</marc:controlfield>
	<marc:controlfield tag="005">20140423115102</marc:controlfield>
	<marc:controlfield tag="008">951023|               ##b   #||||0#ES  ||</marc:controlfield>
	<marc:datafield tag="040" ind1=" " ind2=" ">
		<marc:subfield code="a">AR-SmtUNC</marc:subfield>
		<marc:subfield code="b">spa</marc:subfield>
	</marc:datafield>
<marc:datafield tag="245" ind1="0" ind2="0"><marc:subfield code="a">Manual de aguas para usos industriales / American Society for Testing and materials.--/ Versión española Hortensia Corona Rodriguez /.--/ Rev. Salvador Ayanegui J./</marc:subfield><marc:subfield code="c">^aASTM</marc:subfield></marc:datafield>
<marc:datafield tag="110" ind1="1" ind2=" "><marc:subfield code="a">ASTM </marc:subfield></marc:datafield>
<marc:datafield tag="250" ind1=" " ind2=" "><marc:subfield code="a">3a. ed.</marc:subfield></marc:datafield>
<marc:datafield tag="260" ind1=" " ind2=" "><marc:subfield code="c">1976</marc:subfield><marc:subfield code="a">México</marc:subfield><marc:subfield code="b">Limusa</marc:subfield></marc:datafield>
<marc:datafield tag="044" ind1=" " ind2=" "><marc:subfield code="a">mx</marc:subfield></marc:datafield>
<marc:datafield tag="041" ind1="1" ind2=" "><marc:subfield code="a">spa</marc:subfield></marc:datafield>
<marc:datafield tag="300" ind1=" " ind2=" "><marc:subfield code="a">457 p</marc:subfield><marc:subfield code="b">fig.,tablas. </marc:subfield><marc:subfield code="c"> 20 cm.</marc:subfield></marc:datafield>
<marc:datafield tag="500" ind1=" " ind2=" "><marc:subfield code="a">Referencias al final de c/capítulo</marc:subfield><marc:subfield code="a">Apéndices p: 393-445</marc:subfield><marc:subfield code="a">Indice p: 447-457</marc:subfield></marc:datafield>
<marc:datafield tag="650" ind1="1" ind2="7"><marc:subfield code="a">INGENIERIA SANITARIA</marc:subfield><marc:subfield code="2">ROVIRA Y AGUAYO</marc:subfield></marc:datafield>
<marc:datafield tag="650" ind1="2" ind2="7"><marc:subfield code="a">CONTAMINACION DEL AGUA</marc:subfield><marc:subfield code="2">Spines</marc:subfield></marc:datafield>
<marc:datafield tag="653" ind1=" " ind2=" "><marc:subfield code="a">INGENIERIA SANITARIA</marc:subfield></marc:datafield>
<marc:datafield tag="653" ind1=" " ind2=" "><marc:subfield code="a">AGUA: USOS INDUSTRIALES</marc:subfield></marc:datafield>
<marc:datafield tag="653" ind1=" " ind2=" "><marc:subfield code="a">INDUSTRIA</marc:subfield></marc:datafield>
<marc:datafield tag="653" ind1=" " ind2=" "><marc:subfield code="a">AGUA: ANALISIS PARA USO INDUSTRIAL</marc:subfield></marc:datafield>
<marc:datafield tag="653" ind1=" " ind2=" "><marc:subfield code="a">AGUA DE DESECHO INDUSTRIAL: TRATAMIENTO</marc:subfield></marc:datafield>
<marc:datafield tag="080" ind1=" " ind2=" "><marc:subfield code="a">628.15</marc:subfield><marc:subfield code="x">A512m3</marc:subfield></marc:datafield>
<marc:datafield tag="037" ind1=" " ind2=" "><marc:subfield code="a">00007960</marc:subfield></marc:datafield>
<marc:datafield tag="541" ind1=" " ind2=" "><marc:subfield code="c">^dDonación Ing. Lizárraga</marc:subfield></marc:datafield>
<marc:datafield tag="852" ind1=" " ind2=" "><marc:subfield code="a">PRES</marc:subfield></marc:datafield>
<marc:datafield tag="365" ind1=" " ind2=" "><marc:subfield code="b">30</marc:subfield><marc:subfield code="c">ARS</marc:subfield></marc:datafield>
<marc:datafield tag="942" ind1=" " ind2=" "><marc:subfield code="c">Libros</marc:subfield></marc:datafield>
	<marc:datafield tag="952" ind1=" " ind2=" ">
		<marc:subfield code="a">facet</marc:subfield>
		<marc:subfield code="b">facet</marc:subfield>
		<marc:subfield code="c">628.15</marc:subfield>
		<marc:subfield code="y">BK</marc:subfield>
		<marc:subfield code="p">00007960</marc:subfield>
	</marc:datafield>
</marc:record>