
<marc:record><marc:leader>01000cam# 22002601a 4500
</marc:leader><marc:controlfield tag="001">SEX00000647</marc:controlfield>
<marc:controlfield tag="003">SEX</marc:controlfield>
<marc:controlfield tag="005">20140423115209</marc:controlfield>
<marc:controlfield tag="008">961204|               ##b   #||||0#ES  ||</marc:controlfield>
<marc:datafield tag="040" ind1=" " ind2=" "><marc:subfield code="a">AR-SmtUNC</marc:subfield><marc:subfield code="b">spa</marc:subfield></marc:datafield>
<marc:datafield tag="245" ind1="0" ind2="0"><marc:subfield code="a">Saneamiento de las aglomeraciones urbanas / A. Guerrée.--Versión española de Amado Juan Sala</marc:subfield><marc:subfield code="c">^aGuerrée^bA.</marc:subfield></marc:datafield>
<marc:datafield tag="100" ind1="1" ind2=" "><marc:subfield code="a">Guerrée A.</marc:subfield></marc:datafield>
<marc:datafield tag="260" ind1=" " ind2=" "><marc:subfield code="c">/c.1962/</marc:subfield><marc:subfield code="a">Barcelona-Buenos Aires</marc:subfield><marc:subfield code="b">Reverté</marc:subfield></marc:datafield>
<marc:datafield tag="044" ind1=" " ind2=" "><marc:subfield code="a">sp</marc:subfield></marc:datafield>
<marc:datafield tag="041" ind1="1" ind2=" "><marc:subfield code="a">spa</marc:subfield></marc:datafield>
<marc:datafield tag="300" ind1=" " ind2=" "><marc:subfield code="a">171p</marc:subfield><marc:subfield code="b">fig.,cuadros </marc:subfield><marc:subfield code="c"> 20 cm</marc:subfield></marc:datafield>
<marc:datafield tag="500" ind1=" " ind2=" "><marc:subfield code="a">Contiene anexos en sobre de contratapa I-VII</marc:subfield></marc:datafield>
<marc:datafield tag="650" ind1="1" ind2="7"><marc:subfield code="a">INGENIERIA CIVIL</marc:subfield><marc:subfield code="2">SPINES</marc:subfield></marc:datafield>
<marc:datafield tag="650" ind1="2" ind2="7"><marc:subfield code="a">TECNICA SANITARIA URBANA</marc:subfield><marc:subfield code="2">Spines</marc:subfield></marc:datafield>
<marc:datafield tag="650" ind1="1" ind2="7"><marc:subfield code="2">ROVIRA Y AGUAYO</marc:subfield></marc:datafield>
<marc:datafield tag="653" ind1=" " ind2=" "><marc:subfield code="a">INGENIERIA SANITARIA</marc:subfield></marc:datafield>
<marc:datafield tag="653" ind1=" " ind2=" "><marc:subfield code="a">SANEAMIENTO URBANO</marc:subfield></marc:datafield>
<marc:datafield tag="653" ind1=" " ind2=" "><marc:subfield code="a">INSTALACIONES SANITARIAS</marc:subfield></marc:datafield>
<marc:datafield tag="080" ind1=" " ind2=" "><marc:subfield code="a">628.4</marc:subfield><marc:subfield code="x">G934s</marc:subfield></marc:datafield>
<marc:datafield tag="037" ind1=" " ind2=" "><marc:subfield code="a">00008004</marc:subfield></marc:datafield>
<marc:datafield tag="952" ind1=" " ind2=" "><marc:subfield code="b">facet</marc:subfield><marc:subfield code="p">00007460</marc:subfield><marc:subfield code="c">^c628.4^lG934s</marc:subfield><marc:subfield code="w">$80</marc:subfield><marc:subfield code="y">Libros</marc:subfield></marc:datafield>
<marc:datafield tag="541" ind1=" " ind2=" "><marc:subfield code="c">^dDonación Ing. Lizárraga</marc:subfield></marc:datafield>
<marc:datafield tag="562" ind1=" " ind2=" "><marc:subfield code="e">2 ej.</marc:subfield></marc:datafield>
<marc:datafield tag="852" ind1=" " ind2=" "><marc:subfield code="a">PRES</marc:subfield></marc:datafield>
<marc:datafield tag="365" ind1=" " ind2=" "><marc:subfield code="b">20</marc:subfield><marc:subfield code="c">ARS</marc:subfield></marc:datafield>
<marc:datafield tag="942" ind1=" " ind2=" "><marc:subfield code="c">Libros</marc:subfield></marc:datafield>
<marc:datafield tag="952" ind1=" " ind2=" "><marc:subfield code="a">facet</marc:subfield><marc:subfield code="b">facet</marc:subfield><marc:subfield code="c">628.4</marc:subfield><marc:subfield code="y">Libros</marc:subfield><marc:subfield code="p">00008004</marc:subfield></marc:datafield>
</marc:record>