
<marc:record><marc:leader>01000cam# 22002601a 4500
</marc:leader><marc:controlfield tag="001">SEX00000699</marc:controlfield>
<marc:controlfield tag="003">SEX</marc:controlfield>
<marc:controlfield tag="005">20140423115230</marc:controlfield>
<marc:controlfield tag="008">970910|               ##b   #||||0#ES  ||</marc:controlfield>
<marc:datafield tag="040" ind1=" " ind2=" "><marc:subfield code="a">AR-SmtUNC</marc:subfield><marc:subfield code="b">spa</marc:subfield></marc:datafield>
<marc:datafield tag="020" ind1=" " ind2=" "><marc:subfield code="a">9681804317</marc:subfield></marc:datafield>
<marc:datafield tag="245" ind1="0" ind2="0"><marc:subfield code="a">Física del estado sólido y de semiconductores / J. P. McKelvey.-- Tr. Hortensia Corona Rodríguez.-- Rev. Téc. Francisco Roséndiz Rodríguez</marc:subfield><marc:subfield code="c">^aMcKelvey^bJ. P.</marc:subfield></marc:datafield>
<marc:datafield tag="100" ind1="1" ind2=" "><marc:subfield code="a">McKelvey J. P.</marc:subfield></marc:datafield>
<marc:datafield tag="260" ind1=" " ind2=" "><marc:subfield code="c">/c.1994/</marc:subfield><marc:subfield code="a">México</marc:subfield><marc:subfield code="b">Limusa</marc:subfield></marc:datafield>
<marc:datafield tag="044" ind1=" " ind2=" "><marc:subfield code="a">mx</marc:subfield></marc:datafield>
<marc:datafield tag="041" ind1="1" ind2=" "><marc:subfield code="a">spa</marc:subfield></marc:datafield>
<marc:datafield tag="300" ind1=" " ind2=" "><marc:subfield code="a">548 p</marc:subfield><marc:subfield code="b">fig.,tablas </marc:subfield><marc:subfield code="c"> 20 cm</marc:subfield></marc:datafield>
<marc:datafield tag="500" ind1=" " ind2=" "><marc:subfield code="a">Ejercicios y lecturas al final de cada capitulo</marc:subfield><marc:subfield code="a">Apéndice A-B p: 535-539</marc:subfield><marc:subfield code="a">Indice onosmático p: 541</marc:subfield></marc:datafield>
<marc:datafield tag="650" ind1="1" ind2="7"><marc:subfield code="a">FISICA</marc:subfield><marc:subfield code="2">ROVIRA Y AGUAYO</marc:subfield></marc:datafield>
<marc:datafield tag="650" ind1="2" ind2="7"><marc:subfield code="a">TEORIA DEL ESTADO SOLIDO</marc:subfield><marc:subfield code="2">Spines</marc:subfield></marc:datafield>
<marc:datafield tag="653" ind1=" " ind2=" "><marc:subfield code="a">FISICA DEL ESTADO SOLIDO</marc:subfield></marc:datafield>
<marc:datafield tag="653" ind1=" " ind2=" "><marc:subfield code="a">REDES CRISTALINAS Y TIPOS DE CRISTALES</marc:subfield></marc:datafield>
<marc:datafield tag="653" ind1=" " ind2=" "><marc:subfield code="a">ANALISIS CRISTALOGRAFICO CON RAYOS X</marc:subfield></marc:datafield>
<marc:datafield tag="653" ind1=" " ind2=" "><marc:subfield code="a">MECANICA CUANTICA</marc:subfield></marc:datafield>
<marc:datafield tag="653" ind1=" " ind2=" "><marc:subfield code="a">MECANICA ESTADISTICA</marc:subfield></marc:datafield>
<marc:datafield tag="653" ind1=" " ind2=" "><marc:subfield code="a">CRISTALES:  PROPIEDADES TERMICAS</marc:subfield></marc:datafield>
<marc:datafield tag="653" ind1=" " ind2=" "><marc:subfield code="a">TEORIA DEL ELECTRON LIBRE DE LOS METALES</marc:subfield></marc:datafield>
<marc:datafield tag="653" ind1=" " ind2=" "><marc:subfield code="a">SEMICONDUCTORES ELECTRONICOS</marc:subfield></marc:datafield>
<marc:datafield tag="080" ind1=" " ind2=" "><marc:subfield code="a">539.2:621.382</marc:subfield><marc:subfield code="x">M152f</marc:subfield></marc:datafield>
<marc:datafield tag="037" ind1=" " ind2=" "><marc:subfield code="a">00008034</marc:subfield></marc:datafield>
<marc:datafield tag="541" ind1=" " ind2=" "><marc:subfield code="c">^cCompra  Alfagrama</marc:subfield></marc:datafield>
<marc:datafield tag="852" ind1=" " ind2=" "><marc:subfield code="a">PRES</marc:subfield></marc:datafield>
<marc:datafield tag="365" ind1=" " ind2=" "><marc:subfield code="b">27,90</marc:subfield><marc:subfield code="c">ARS</marc:subfield></marc:datafield>
<marc:datafield tag="942" ind1=" " ind2=" "><marc:subfield code="c">Libros</marc:subfield></marc:datafield>
<marc:datafield tag="952" ind1=" " ind2=" "><marc:subfield code="a">facet</marc:subfield><marc:subfield code="b">facet</marc:subfield><marc:subfield code="c">539.2:621.382</marc:subfield><marc:subfield code="y">Libros</marc:subfield><marc:subfield code="p">00008034</marc:subfield></marc:datafield>
</marc:record>