
<marc:record><marc:leader>01000cam# 22002601a 4500
</marc:leader><marc:controlfield tag="001">SEX00000740</marc:controlfield>
<marc:controlfield tag="003">SEX</marc:controlfield>
<marc:controlfield tag="005">20140423115300</marc:controlfield>
<marc:controlfield tag="008">961216|               ##b   #||||0#ES  ||</marc:controlfield>
<marc:datafield tag="040" ind1=" " ind2=" "><marc:subfield code="a">AR-SmtUNC</marc:subfield><marc:subfield code="b">spa</marc:subfield></marc:datafield>
<marc:datafield tag="020" ind1=" " ind2=" "><marc:subfield code="a">8426708439</marc:subfield></marc:datafield>
<marc:datafield tag="245" ind1="0" ind2="0"><marc:subfield code="a">Electrónica industrial: técnicas de potencia / Juan Andrés Gualda Gil, Salvador Martínez García /y/ Pedro Manuel Martínez Martínez</marc:subfield><marc:subfield code="c">^aGualda Gil^bJuan Andrés</marc:subfield></marc:datafield>
<marc:datafield tag="100" ind1="1" ind2=" "><marc:subfield code="a">Gualda Gil Juan Andrés</marc:subfield></marc:datafield>
<marc:datafield tag="260" ind1=" " ind2=" "><marc:subfield code="c">/c.1992/</marc:subfield><marc:subfield code="a">Barcelona-México</marc:subfield><marc:subfield code="b">Marcombo-Boixareu</marc:subfield></marc:datafield>
<marc:datafield tag="044" ind1=" " ind2=" "><marc:subfield code="a">sp</marc:subfield></marc:datafield>
<marc:datafield tag="041" ind1="1" ind2=" "><marc:subfield code="a">spa</marc:subfield></marc:datafield>
<marc:datafield tag="300" ind1=" " ind2=" "><marc:subfield code="a">xvi,477 p</marc:subfield><marc:subfield code="b">fig.,tablas a Escuela Técnica Superior de Ingenieros Industriales de Madrid)</marc:subfield><marc:subfield code="c"> 20 cm  (Serie Electrónica de l</marc:subfield></marc:datafield>
<marc:datafield tag="500" ind1=" " ind2=" "><marc:subfield code="a">Bibliografía p: 463-468</marc:subfield><marc:subfield code="a">Nomenclatura p: 469-477</marc:subfield></marc:datafield>
<marc:datafield tag="650" ind1="1" ind2="7"><marc:subfield code="a">ELECTRONICA INDUSTRIAL</marc:subfield><marc:subfield code="2">ROVIRA Y AGUAYO</marc:subfield></marc:datafield>
<marc:datafield tag="650" ind1="1" ind2="7"><marc:subfield code="a">POTENCIA</marc:subfield></marc:datafield>
<marc:datafield tag="650" ind1="2" ind2="7"><marc:subfield code="a">TECNICAS DE POTENCIA APLICADAS A ELECTRONICA INDUSTRIAL</marc:subfield><marc:subfield code="2">Spines</marc:subfield></marc:datafield>
<marc:datafield tag="653" ind1=" " ind2=" "><marc:subfield code="a">ELECTRONICA INDUSTRIAL</marc:subfield></marc:datafield>
<marc:datafield tag="653" ind1=" " ind2=" "><marc:subfield code="a">TECNICAS DE POTENCIA</marc:subfield></marc:datafield>
<marc:datafield tag="653" ind1=" " ind2=" "><marc:subfield code="a">MAGNITUDES</marc:subfield></marc:datafield>
<marc:datafield tag="653" ind1=" " ind2=" "><marc:subfield code="a">APLICACIONES INDUSTRIALES</marc:subfield></marc:datafield>
<marc:datafield tag="080" ind1=" " ind2=" "><marc:subfield code="a">621.3.026</marc:subfield><marc:subfield code="x">G911 G463e</marc:subfield></marc:datafield>
<marc:datafield tag="037" ind1=" " ind2=" "><marc:subfield code="a">00008047</marc:subfield></marc:datafield>
<marc:datafield tag="541" ind1=" " ind2=" "><marc:subfield code="c">^cCompra-Carnet Alfagrama</marc:subfield></marc:datafield>
<marc:datafield tag="852" ind1=" " ind2=" "><marc:subfield code="a">PRES</marc:subfield></marc:datafield>
<marc:datafield tag="365" ind1=" " ind2=" "><marc:subfield code="b">68,70</marc:subfield><marc:subfield code="c">ARS</marc:subfield></marc:datafield>
<marc:datafield tag="942" ind1=" " ind2=" "><marc:subfield code="c">Libros</marc:subfield></marc:datafield>
<marc:datafield tag="952" ind1=" " ind2=" "><marc:subfield code="a">facet</marc:subfield><marc:subfield code="b">facet</marc:subfield><marc:subfield code="c">621.3.026</marc:subfield><marc:subfield code="y">Libros</marc:subfield><marc:subfield code="p">00008047</marc:subfield></marc:datafield>
</marc:record>