
<marc:record><marc:leader>01000cam# 22002601a 4500
</marc:leader><marc:controlfield tag="001">SEX00000748</marc:controlfield>
<marc:controlfield tag="003">SEX</marc:controlfield>
<marc:controlfield tag="005">20140423115302</marc:controlfield>
<marc:controlfield tag="008">963105|               ##b   #||||0#ES  ||</marc:controlfield>
<marc:datafield tag="040" ind1=" " ind2=" "><marc:subfield code="a">AR-SmtUNC</marc:subfield><marc:subfield code="b">spa</marc:subfield></marc:datafield>
<marc:datafield tag="020" ind1=" " ind2=" "><marc:subfield code="a">96818010008</marc:subfield></marc:datafield>
<marc:datafield tag="245" ind1="0" ind2="0"><marc:subfield code="a">Estructuras de concreto reforzado / R. Park y T. Paulay.-- Tr. Sergio Fernández Everest.-- Rev. José de la Cera A</marc:subfield><marc:subfield code="c">^aPark^bR.</marc:subfield></marc:datafield>
<marc:datafield tag="100" ind1="1" ind2=" "><marc:subfield code="a">Park R.</marc:subfield></marc:datafield>
<marc:datafield tag="260" ind1=" " ind2=" "><marc:subfield code="c">/c.1994/</marc:subfield><marc:subfield code="a">México</marc:subfield><marc:subfield code="b">Limusa</marc:subfield></marc:datafield>
<marc:datafield tag="044" ind1=" " ind2=" "><marc:subfield code="a">mx</marc:subfield></marc:datafield>
<marc:datafield tag="041" ind1="1" ind2=" "><marc:subfield code="a">spa</marc:subfield></marc:datafield>
<marc:datafield tag="300" ind1=" " ind2=" "><marc:subfield code="a">xvi,796 p</marc:subfield><marc:subfield code="b">fig.,tablas </marc:subfield><marc:subfield code="c"> 20 cm</marc:subfield></marc:datafield>
<marc:datafield tag="500" ind1=" " ind2=" "><marc:subfield code="a">Bibliografías al final del libro</marc:subfield></marc:datafield>
<marc:datafield tag="650" ind1="1" ind2="7"><marc:subfield code="a">INGENIERIA CIVIL</marc:subfield><marc:subfield code="2">ROVIRA Y AGUAYO</marc:subfield></marc:datafield>
<marc:datafield tag="650" ind1="2" ind2="7"><marc:subfield code="a">ESTRUCTURAS DE HORMIGON TRAMADO</marc:subfield><marc:subfield code="2">Spines</marc:subfield></marc:datafield>
<marc:datafield tag="653" ind1=" " ind2=" "><marc:subfield code="a">MATERIALES DE CONSTRUCCION</marc:subfield></marc:datafield>
<marc:datafield tag="653" ind1=" " ind2=" "><marc:subfield code="a">HORMIGON ARMADO</marc:subfield></marc:datafield>
<marc:datafield tag="653" ind1=" " ind2=" "><marc:subfield code="a">CONCRETO REFORZADO</marc:subfield></marc:datafield>
<marc:datafield tag="653" ind1=" " ind2=" "><marc:subfield code="a">ESTRUCTURAS DE TRAMA</marc:subfield></marc:datafield>
<marc:datafield tag="080" ind1=" " ind2=" "><marc:subfield code="a">624.94</marc:subfield><marc:subfield code="x">P236e</marc:subfield></marc:datafield>
<marc:datafield tag="037" ind1=" " ind2=" "><marc:subfield code="a">00008086</marc:subfield></marc:datafield>
<marc:datafield tag="541" ind1=" " ind2=" "><marc:subfield code="c">^cCompra-Carnet Alfagrama</marc:subfield></marc:datafield>
<marc:datafield tag="852" ind1=" " ind2=" "><marc:subfield code="a">PRES</marc:subfield></marc:datafield>
<marc:datafield tag="365" ind1=" " ind2=" "><marc:subfield code="b">40</marc:subfield><marc:subfield code="c">ARS</marc:subfield></marc:datafield>
<marc:datafield tag="942" ind1=" " ind2=" "><marc:subfield code="c">Libros</marc:subfield></marc:datafield>
<marc:datafield tag="952" ind1=" " ind2=" "><marc:subfield code="a">facet</marc:subfield><marc:subfield code="b">facet</marc:subfield><marc:subfield code="c">624.94</marc:subfield><marc:subfield code="y">Libros</marc:subfield><marc:subfield code="p">00008086</marc:subfield></marc:datafield>
</marc:record>