
<marc:record><marc:leader>01000cam# 22002601a 4500
</marc:leader><marc:controlfield tag="001">SEX00000804</marc:controlfield>
<marc:controlfield tag="003">SEX</marc:controlfield>
<marc:controlfield tag="005">20140423115338</marc:controlfield>
<marc:controlfield tag="008">960712|               ##b   #||||0#ES  ||</marc:controlfield>
<marc:datafield tag="040" ind1=" " ind2=" "><marc:subfield code="a">AR-SmtUNC</marc:subfield><marc:subfield code="b">spa</marc:subfield></marc:datafield>
<marc:datafield tag="999" ind1="1" ind2=" "><marc:subfield code="a">9586002500</marc:subfield><marc:subfield code="a">I  ej.1</marc:subfield></marc:datafield>
<marc:datafield tag="020" ind1=" " ind2=" "><marc:subfield code="a">9586002519(v.1)</marc:subfield><marc:subfield code="a">958-600-252-7(v.2)</marc:subfield></marc:datafield>
<marc:datafield tag="245" ind1="0" ind2="0"><marc:subfield code="a">Cálculo y geometria analítica / Sherman K. Stein /y/ Anthony Barcellos-- Tr. Cipriano Armando Cruz Gálvez, Julián Benito Chang Rodríguez, Oscar E. Barriga Bravo, J. Mauricio García C.-- Rev Tco. Iván Castro Chadid</marc:subfield><marc:subfield code="c">^aStein^bSherman K</marc:subfield></marc:datafield>
<marc:datafield tag="100" ind1="1" ind2=" "><marc:subfield code="a">Stein Sherman K</marc:subfield></marc:datafield>
<marc:datafield tag="250" ind1=" " ind2=" "><marc:subfield code="a">5a. ed.</marc:subfield></marc:datafield>
<marc:datafield tag="260" ind1=" " ind2=" "><marc:subfield code="c">/c.1995/</marc:subfield><marc:subfield code="a">Santafé de Bogotá</marc:subfield><marc:subfield code="b">McGraw-Hill</marc:subfield></marc:datafield>
<marc:datafield tag="044" ind1=" " ind2=" "><marc:subfield code="a">ck</marc:subfield></marc:datafield>
<marc:datafield tag="041" ind1="1" ind2=" "><marc:subfield code="a">spa</marc:subfield></marc:datafield>
<marc:datafield tag="300" ind1=" " ind2=" "><marc:subfield code="a">xxxi,742p.  </marc:subfield><marc:subfield code="b">fig., gráf.  </marc:subfield><marc:subfield code="c">23  cm.</marc:subfield></marc:datafield>
<marc:datafield tag="500" ind1=" " ind2=" "><marc:subfield code="a">Series p.568-620</marc:subfield><marc:subfield code="a">Apéndices p.621-685</marc:subfield><marc:subfield code="a">Respuestas a ejercicios seleccionados y autoevaluaciones p.687-728</marc:subfield><marc:subfield code="a">Indice p.729-736</marc:subfield><marc:subfield code="a">Geometria p.737-742</marc:subfield></marc:datafield>
<marc:datafield tag="650" ind1="1" ind2="7"><marc:subfield code="a">ANALISIS MATEMATICO</marc:subfield><marc:subfield code="2">ROVIRA Y AGUAYO</marc:subfield></marc:datafield>
<marc:datafield tag="650" ind1="2" ind2="7"><marc:subfield code="a">TEMAS MATEMATICOS</marc:subfield><marc:subfield code="2">Spines</marc:subfield></marc:datafield>
<marc:datafield tag="653" ind1=" " ind2=" "><marc:subfield code="a">FUNCIONES</marc:subfield></marc:datafield>
<marc:datafield tag="653" ind1=" " ind2=" "><marc:subfield code="a">DERIVADAS</marc:subfield></marc:datafield>
<marc:datafield tag="653" ind1=" " ind2=" "><marc:subfield code="a">INTEGRALES</marc:subfield></marc:datafield>
<marc:datafield tag="653" ind1=" " ind2=" "><marc:subfield code="a">TRIGONOMETRIA</marc:subfield></marc:datafield>
<marc:datafield tag="080" ind1=" " ind2=" "><marc:subfield code="a">517:514.12</marc:subfield><marc:subfield code="x">S819c5</marc:subfield></marc:datafield>
<marc:datafield tag="037" ind1=" " ind2=" "><marc:subfield code="a">00008227</marc:subfield></marc:datafield>
<marc:datafield tag="952" ind1=" " ind2=" "><marc:subfield code="b">facet</marc:subfield><marc:subfield code="p">00007460</marc:subfield><marc:subfield code="c">^c517:514.12^lS819c5</marc:subfield><marc:subfield code="w">$80</marc:subfield><marc:subfield code="y">Libros</marc:subfield></marc:datafield>
<marc:datafield tag="952" ind1=" " ind2=" "><marc:subfield code="b">facet</marc:subfield><marc:subfield code="p">00007460</marc:subfield><marc:subfield code="c">^c517:514.12^lS819c5</marc:subfield><marc:subfield code="w">$80</marc:subfield><marc:subfield code="y">Libros</marc:subfield></marc:datafield>
<marc:datafield tag="952" ind1=" " ind2=" "><marc:subfield code="b">facet</marc:subfield><marc:subfield code="p">00007460</marc:subfield><marc:subfield code="c">^c517:514.12^lS819c5</marc:subfield><marc:subfield code="w">$80</marc:subfield><marc:subfield code="y">Libros</marc:subfield></marc:datafield>
<marc:datafield tag="952" ind1=" " ind2=" "><marc:subfield code="b">facet</marc:subfield><marc:subfield code="p">00007460</marc:subfield><marc:subfield code="c">^c517:514.12^lS819c5</marc:subfield><marc:subfield code="w">$80</marc:subfield><marc:subfield code="y">Libros</marc:subfield></marc:datafield>
<marc:datafield tag="952" ind1=" " ind2=" "><marc:subfield code="b">facet</marc:subfield><marc:subfield code="p">00007460</marc:subfield><marc:subfield code="c">^c517:514.12^lS819c5</marc:subfield><marc:subfield code="w">$80</marc:subfield><marc:subfield code="y">Libros</marc:subfield></marc:datafield>
<marc:datafield tag="952" ind1=" " ind2=" "><marc:subfield code="b">facet</marc:subfield><marc:subfield code="p">00007460</marc:subfield><marc:subfield code="c">^c517:514.12^lS819c5</marc:subfield><marc:subfield code="w">$80</marc:subfield><marc:subfield code="y">Libros</marc:subfield></marc:datafield>
<marc:datafield tag="952" ind1=" " ind2=" "><marc:subfield code="b">facet</marc:subfield><marc:subfield code="p">00007460</marc:subfield><marc:subfield code="c">^c517:514.12^lS819c5</marc:subfield><marc:subfield code="w">$80</marc:subfield><marc:subfield code="y">Libros</marc:subfield></marc:datafield>
<marc:datafield tag="952" ind1=" " ind2=" "><marc:subfield code="b">facet</marc:subfield><marc:subfield code="p">00007460</marc:subfield><marc:subfield code="c">^c517:514.12^lS819c5</marc:subfield><marc:subfield code="w">$80</marc:subfield><marc:subfield code="y">Libros</marc:subfield></marc:datafield>
<marc:datafield tag="541" ind1=" " ind2=" "><marc:subfield code="c">^cCompra carnet-Universitaria</marc:subfield></marc:datafield>
<marc:datafield tag="562" ind1=" " ind2=" "><marc:subfield code="e">9 ej.</marc:subfield></marc:datafield>
<marc:datafield tag="852" ind1=" " ind2=" "><marc:subfield code="a">PRES</marc:subfield></marc:datafield>
<marc:datafield tag="942" ind1=" " ind2=" "><marc:subfield code="c">Libros</marc:subfield></marc:datafield>
<marc:datafield tag="952" ind1=" " ind2=" "><marc:subfield code="a">facet</marc:subfield><marc:subfield code="b">facet</marc:subfield><marc:subfield code="c">517:514.12</marc:subfield><marc:subfield code="y">Libros</marc:subfield><marc:subfield code="p">00008227</marc:subfield></marc:datafield>
</marc:record>