
<marc:record><marc:leader>01000cam# 22002601a 4500
</marc:leader><marc:controlfield tag="001">SEX00000932</marc:controlfield>
<marc:controlfield tag="003">SEX</marc:controlfield>
<marc:controlfield tag="005">20140423115444</marc:controlfield>
<marc:controlfield tag="008">960801|               ##b   #||||0#ES  ||</marc:controlfield>
<marc:datafield tag="040" ind1=" " ind2=" "><marc:subfield code="a">AR-SmtUNC</marc:subfield><marc:subfield code="b">spa</marc:subfield></marc:datafield>
<marc:datafield tag="999" ind1="1" ind2=" "><marc:subfield code="a">78</marc:subfield><marc:subfield code="a">1</marc:subfield></marc:datafield>
<marc:datafield tag="245" ind1="0" ind2="0"><marc:subfield code="a">Mathematics of modern engineering / Robert E. Doherty and Ernest G. Keller</marc:subfield><marc:subfield code="c">^aDoherty^bRobert E.</marc:subfield></marc:datafield>
<marc:datafield tag="100" ind1="1" ind2=" "><marc:subfield code="a">Doherty Robert E.</marc:subfield></marc:datafield>
<marc:datafield tag="260" ind1=" " ind2=" "><marc:subfield code="c">/c.1936/</marc:subfield><marc:subfield code="a">New York</marc:subfield><marc:subfield code="b">Wiley</marc:subfield></marc:datafield>
<marc:datafield tag="044" ind1=" " ind2=" "><marc:subfield code="a">xxu</marc:subfield></marc:datafield>
<marc:datafield tag="041" ind1="1" ind2=" "><marc:subfield code="a">eng</marc:subfield></marc:datafield>
<marc:datafield tag="300" ind1=" " ind2=" "><marc:subfield code="a">xxi,314 p.  </marc:subfield><marc:subfield code="b">fig., tablas. </marc:subfield><marc:subfield code="c"> 22 cm.</marc:subfield></marc:datafield>
<marc:datafield tag="500" ind1=" " ind2=" "><marc:subfield code="a">Ejercicios al final de c/capítulo</marc:subfield><marc:subfield code="a">Referencias p: 300-303</marc:subfield><marc:subfield code="a">Respuestas p: 305-310</marc:subfield><marc:subfield code="a">Indice p: 311-314</marc:subfield></marc:datafield>
<marc:datafield tag="650" ind1="1" ind2="7"><marc:subfield code="a">MATEMATICA</marc:subfield><marc:subfield code="2">ROVIRA Y AGUAYO</marc:subfield></marc:datafield>
<marc:datafield tag="650" ind1="2" ind2="7"><marc:subfield code="a">MATEMATICA PARA INGENIERIA</marc:subfield><marc:subfield code="2">Spines</marc:subfield></marc:datafield>
<marc:datafield tag="653" ind1=" " ind2=" "><marc:subfield code="a">MATEMATICAS</marc:subfield></marc:datafield>
<marc:datafield tag="653" ind1=" " ind2=" "><marc:subfield code="a">APLICACIONES EN INGENIERIA</marc:subfield></marc:datafield>
<marc:datafield tag="080" ind1=" " ind2=" "><marc:subfield code="a">51:62</marc:subfield><marc:subfield code="x">D535m</marc:subfield></marc:datafield>
<marc:datafield tag="037" ind1=" " ind2=" "><marc:subfield code="a">00008317</marc:subfield></marc:datafield>
<marc:datafield tag="952" ind1=" " ind2=" "><marc:subfield code="b">facet</marc:subfield><marc:subfield code="p">00007460</marc:subfield><marc:subfield code="c">^c51:62^lD535m</marc:subfield><marc:subfield code="w">$80</marc:subfield><marc:subfield code="y">Libros</marc:subfield></marc:datafield>
<marc:datafield tag="952" ind1=" " ind2=" "><marc:subfield code="b">facet</marc:subfield><marc:subfield code="p">00007460</marc:subfield><marc:subfield code="c">^c51:62^lD535m</marc:subfield><marc:subfield code="w">$80</marc:subfield><marc:subfield code="y">Libros</marc:subfield></marc:datafield>
<marc:datafield tag="541" ind1=" " ind2=" "><marc:subfield code="c">Mca.Nº1458</marc:subfield></marc:datafield>
<marc:datafield tag="562" ind1=" " ind2=" "><marc:subfield code="e">3 ej.</marc:subfield></marc:datafield>
<marc:datafield tag="852" ind1=" " ind2=" "><marc:subfield code="a">PRES</marc:subfield></marc:datafield>
<marc:datafield tag="365" ind1=" " ind2=" "><marc:subfield code="b">10</marc:subfield><marc:subfield code="c">ARS</marc:subfield></marc:datafield>
<marc:datafield tag="942" ind1=" " ind2=" "><marc:subfield code="c">Libros</marc:subfield></marc:datafield>
<marc:datafield tag="952" ind1=" " ind2=" "><marc:subfield code="a">facet</marc:subfield><marc:subfield code="b">facet</marc:subfield><marc:subfield code="c">51:62</marc:subfield><marc:subfield code="y">Libros</marc:subfield><marc:subfield code="p">00008317</marc:subfield></marc:datafield>
</marc:record>