
<marc:record><marc:leader>01000cam# 22002601a 4500
</marc:leader><marc:controlfield tag="001">SEX00000978</marc:controlfield>
<marc:controlfield tag="003">SEX</marc:controlfield>
<marc:controlfield tag="005">20140423115503</marc:controlfield>
<marc:controlfield tag="008">031114|               ##b   #||||0#ES  ||</marc:controlfield>
<marc:datafield tag="040" ind1=" " ind2=" "><marc:subfield code="a">AR-SmtUNC</marc:subfield><marc:subfield code="b">spa</marc:subfield></marc:datafield>
<marc:datafield tag="020" ind1=" " ind2=" "><marc:subfield code="a">8448101340</marc:subfield></marc:datafield>
<marc:datafield tag="245" ind1="0" ind2="0"><marc:subfield code="a">Algebra lineal / Juan de Burgos Román</marc:subfield><marc:subfield code="c">^aBurgos Román^bJuan de</marc:subfield></marc:datafield>
<marc:datafield tag="100" ind1="1" ind2=" "><marc:subfield code="a">Burgos Román Juan de</marc:subfield></marc:datafield>
<marc:datafield tag="260" ind1=" " ind2=" "><marc:subfield code="c">/c.1993/</marc:subfield><marc:subfield code="a">Madrid-Buenos Aires</marc:subfield><marc:subfield code="b">McGraw-Hill</marc:subfield></marc:datafield>
<marc:datafield tag="044" ind1=" " ind2=" "><marc:subfield code="a">sp</marc:subfield></marc:datafield>
<marc:datafield tag="041" ind1="1" ind2=" "><marc:subfield code="a">spa</marc:subfield></marc:datafield>
<marc:datafield tag="300" ind1=" " ind2=" "><marc:subfield code="a">xv,796 p</marc:subfield><marc:subfield code="b">fig ; tablas ; </marc:subfield><marc:subfield code="c"> 23 cm.</marc:subfield></marc:datafield>
<marc:datafield tag="500" ind1=" " ind2=" "><marc:subfield code="a">Ejercicios y problemas al final de c/cap.</marc:subfield><marc:subfield code="a">Apéndices p: 691-786</marc:subfield><marc:subfield code="a">Indice p: 789-796</marc:subfield></marc:datafield>
<marc:datafield tag="650" ind1="1" ind2="7"><marc:subfield code="a">MATEMATICA</marc:subfield><marc:subfield code="2">ROVIRA Y AGUAYO</marc:subfield></marc:datafield>
<marc:datafield tag="650" ind1="2" ind2="7"><marc:subfield code="a">ANALISIS VECTORIAL</marc:subfield><marc:subfield code="2">Spines</marc:subfield></marc:datafield>
<marc:datafield tag="650" ind1="2" ind2="7"><marc:subfield code="a">ALGEBRA LINEAL</marc:subfield><marc:subfield code="2">Spines</marc:subfield></marc:datafield>
<marc:datafield tag="650" ind1="2" ind2="7"><marc:subfield code="a">AUTOVALORES Y AUTOVECTORES</marc:subfield><marc:subfield code="2">Spines</marc:subfield></marc:datafield>
<marc:datafield tag="653" ind1=" " ind2=" "><marc:subfield code="a">ALGEBRA LINEAL</marc:subfield></marc:datafield>
<marc:datafield tag="653" ind1=" " ind2=" "><marc:subfield code="a">ESPACIOS GENERALIZADOS</marc:subfield></marc:datafield>
<marc:datafield tag="653" ind1=" " ind2=" "><marc:subfield code="a">METODO DE GAUSS</marc:subfield></marc:datafield>
<marc:datafield tag="653" ind1=" " ind2=" "><marc:subfield code="a">MATRICES</marc:subfield></marc:datafield>
<marc:datafield tag="653" ind1=" " ind2=" "><marc:subfield code="a">GEOMETRIA CARTESIANA</marc:subfield></marc:datafield>
<marc:datafield tag="653" ind1=" " ind2=" "><marc:subfield code="a">DIAGONALIZACION DE ENDOMORFISMOS Y DE MATRICES</marc:subfield></marc:datafield>
<marc:datafield tag="653" ind1=" " ind2=" "><marc:subfield code="a">DETERMINANTES</marc:subfield></marc:datafield>
<marc:datafield tag="653" ind1=" " ind2=" "><marc:subfield code="a">ESPACIOS VECTORIALES</marc:subfield></marc:datafield>
<marc:datafield tag="653" ind1=" " ind2=" "><marc:subfield code="a">SUMA DE SUBESPACIOS</marc:subfield></marc:datafield>
<marc:datafield tag="653" ind1=" " ind2=" "><marc:subfield code="a">APLICACIONES LINEALES</marc:subfield></marc:datafield>
<marc:datafield tag="080" ind1=" " ind2=" "><marc:subfield code="a">512.64</marc:subfield><marc:subfield code="x">B957 R758a</marc:subfield></marc:datafield>
<marc:datafield tag="037" ind1=" " ind2=" "><marc:subfield code="a">00008297</marc:subfield></marc:datafield>
<marc:datafield tag="952" ind1=" " ind2=" "><marc:subfield code="b">facet</marc:subfield><marc:subfield code="p">00009919</marc:subfield><marc:subfield code="c">^c512.64^lB957 R758a</marc:subfield><marc:subfield code="w"></marc:subfield><marc:subfield code="y">Libros</marc:subfield></marc:datafield>
<marc:datafield tag="952" ind1=" " ind2=" "><marc:subfield code="b">facet</marc:subfield><marc:subfield code="p">00009920</marc:subfield><marc:subfield code="c">^c512.64^lB957 R758a</marc:subfield><marc:subfield code="w"></marc:subfield><marc:subfield code="y">Libros</marc:subfield></marc:datafield>
<marc:datafield tag="952" ind1=" " ind2=" "><marc:subfield code="b">facet</marc:subfield><marc:subfield code="p">00009921</marc:subfield><marc:subfield code="c">^c512.64^lB957 R758a</marc:subfield><marc:subfield code="w"></marc:subfield><marc:subfield code="y">Libros</marc:subfield></marc:datafield>
<marc:datafield tag="952" ind1=" " ind2=" "><marc:subfield code="b">facet</marc:subfield><marc:subfield code="p">00009922</marc:subfield><marc:subfield code="c">^c512.64^lB957 R758a</marc:subfield><marc:subfield code="w"></marc:subfield><marc:subfield code="y">Libros</marc:subfield></marc:datafield>
<marc:datafield tag="541" ind1=" " ind2=" "><marc:subfield code="c">^cCompra-Carnet Univeritaria</marc:subfield></marc:datafield>
<marc:datafield tag="562" ind1=" " ind2=" "><marc:subfield code="e">5 ej.</marc:subfield></marc:datafield>
<marc:datafield tag="852" ind1=" " ind2=" "><marc:subfield code="a">PRES</marc:subfield></marc:datafield>
<marc:datafield tag="365" ind1=" " ind2=" "><marc:subfield code="b">69</marc:subfield><marc:subfield code="c">ARS</marc:subfield></marc:datafield>
<marc:datafield tag="942" ind1=" " ind2=" "><marc:subfield code="c">Libros</marc:subfield></marc:datafield>
<marc:datafield tag="952" ind1=" " ind2=" "><marc:subfield code="a">facet</marc:subfield><marc:subfield code="b">facet</marc:subfield><marc:subfield code="c">512.64</marc:subfield><marc:subfield code="y">Libros</marc:subfield><marc:subfield code="p">00008297</marc:subfield></marc:datafield>
</marc:record>